<?xml version="1.0" encoding="UTF-8"?>
<collection xmlns:xsi="http://www.w3.org/2001/XMLSchema-instance" xsi:schemaLocation="http://www.loc.gov/MARC21/slim http://www.loc.gov/standards/marcxml/schema/MARC21slim.xsd" xmlns="http://www.loc.gov/MARC21/slim">
<record>
  <leader>00725cam a22001931  4500</leader>
  <controlfield tag="001">3072741</controlfield>
  <controlfield tag="003">NNC</controlfield>
  <controlfield tag="005">20130426015520.0</controlfield>
  <controlfield tag="008">010823s1894    iq a          000 0 ara d</controlfield>
  <datafield tag="035" ind1=" " ind2=" ">
    <subfield code="a">(OCoLC)ocm47834000</subfield>
  </datafield>
  <datafield tag="035" ind1=" " ind2=" ">
    <subfield code="9">ATP5816CU</subfield>
  </datafield>
  <datafield tag="035" ind1=" " ind2=" ">
    <subfield code="a">(NNC)3072741</subfield>
  </datafield>
  <datafield tag="040" ind1=" " ind2=" ">
    <subfield code="a">ZCU</subfield>
    <subfield code="c">ZCU</subfield>
  </datafield>
  <datafield tag="099" ind1=" " ind2=" ">
    <subfield code="a">893.72</subfield>
    <subfield code="a">Al83</subfield>
  </datafield>
  <datafield tag="100" ind1="1" ind2=" ">
    <subfield code="a">Ālūsī, ʻAbd al-Bāqī ibn Maḥmūd,</subfield>
    <subfield code="d">1834 or 1835-1880 or 1881.</subfield>
  </datafield>
  <datafield tag="245" ind1="1" ind2="0">
    <subfield code="a">Kitāb al-Fawāʾid al-Ālūsīyah ʻalā al-Risālah al-Andalusīyah [fī al-ʻArūḍ],</subfield>
    <subfield code="c">taʾlīf ... ʻAbd-al-Bāqī Afandī ibn al-mufassir ... Muhammad Afandī al-Ālūsī ...</subfield>
  </datafield>
  <datafield tag="260" ind1=" " ind2=" ">
    <subfield code="a">Baghdād,</subfield>
    <subfield code="b">Maṭbaʻat Dār-al-Salām,</subfield>
    <subfield code="c">1312 [1894]</subfield>
  </datafield>
  <datafield tag="300" ind1=" " ind2=" ">
    <subfield code="a">64 p.</subfield>
    <subfield code="b">diagrs.</subfield>
  </datafield>
  <datafield tag="955" ind1=" " ind2=" ">
    <subfield code="b">CU58879285</subfield>
    <subfield code="d">off,glx</subfield>
    <subfield code="e">893.72 Al83</subfield>
  </datafield>
</record>
</collection>